% Encoding: UTF-8

@Book{KevinMLynch2017,
  author    = {Kevin M Lynch, (Northwestern and Illinois University) and Frank C. Park, (Seoul National University)},
  publisher = {Cambridge University Press},
  title     = {Modern Robotics},
  year      = {2017},
  isbn      = {1107156300},
  date      = {2017-05-25},
  ean       = {9781107156302},
  pagetotal = {544},
  url       = {https://www.ebook.de/de/product/29172931/kevin_m_northwestern_university_illinois_lynch_frank_c_seoul_national_university_park_modern_robotics.html},
}

@Comment{jabref-meta: databaseType:bibtex;}
